<record><leader>00000cas a22000007a 4500</leader><controlfield tag="001">20320952</controlfield><controlfield tag="008">890909d18851957mduwr ne      0    0eng d</controlfield><datafield ind1=" " ind2=" " tag="010"><subfield code="a">sn 89060109 </subfield></datafield><datafield ind1=" " ind2=" " tag="040"><subfield code="a">MFN</subfield><subfield code="b">eng</subfield><subfield code="c">MFN</subfield><subfield code="d">OCLCQ</subfield></datafield><datafield ind1=" " ind2=" " tag="042"><subfield code="a">msc</subfield></datafield><datafield ind1=" " ind2="4" tag="050"><subfield code="a">AN41.21.P7</subfield><subfield code="b">C2</subfield></datafield><datafield ind1="0" ind2=" " tag="130"><subfield code="a">Calvert gazette (Prince Frederick, Md.)</subfield></datafield><datafield ind1="1" ind2="0" tag="245"><subfield code="a">Calvert gazette.</subfield></datafield><datafield ind1=" " ind2=" " tag="260"><subfield code="a">Prince Frederick, Md. :</subfield><subfield code="b">G.W. Dowell</subfield></datafield><datafield ind1=" " ind2=" " tag="300"><subfield code="a">v.</subfield></datafield><datafield ind1=" " ind2=" " tag="310"><subfield code="a">Weekly</subfield></datafield><datafield ind1="0" ind2=" " tag="362"><subfield code="a">Vol. 1, no. 1 (July 25, 1885)-</subfield></datafield><datafield ind1="1" ind2=" " tag="362"><subfield code="a">Ceased in 1957?</subfield></datafield><datafield ind1=" " ind2=" " tag="752"><subfield code="a">United States</subfield><subfield code="b">Maryland</subfield><subfield code="c">Calvert</subfield><subfield code="d">Prince Frederick.</subfield></datafield><datafield ind1="0" ind2="7" tag="785"><subfield code="t">Calvert journal</subfield><subfield code="w">(DLC)sn 84026679</subfield></datafield><datafield ind1="0" ind2="7" tag="785"><subfield code="t">Calvert journal gazette</subfield><subfield code="w">(DLC)sn 89060108</subfield></datafield></record>